%LISTADO DE REFERENCIAS BIBIOGRAFICAS USADAS EN EL DESARROLLO DEL TRABAJO

@book{Rubiano,
  author = "Rubiano O. Gustavo Nervado",
  title = "Fractales para Profanos",
  year = "2002",
  publisher = "Unilibros",
  address = "Bogot\'a"
}

@book{AJCrilly,
  author = "A.J. Crilly and R.A. Earnshaw and H. Jones Editores",
  title = "Fractals and Chaos",
  year = "1991",
  publisher = "Springer-Verlag",
  address = "New York"
}

@unpublished{Churchill,
  author = "Churchill Martin",
  title = "Introduction to Fractal Geometry",
  year = "2004"
}

@unpublished{Saenz,
  author = "S\'aenz Ricardo A.",
  title = "Las matem\'aticas de los fractales",
  year = "2012"
}

@unpublished{Reyes,
  author = "Reyes Miguel",
  title = "Fractales"
}

@unpublished{Sorando,
  author = "Sorando Jos\'e Mar\'ia",
  title = "Fractales, Geometr\'ia del caos",
  address = "Zaragoza"
}

@misc{MikeAshby,
  title = "How to Write a Paper",
  Author = "Ashby Mike",
  year = "2005"
}

@misc{CriticalWriting,
  author = "The University of Tokyo and Department of English",
  title = "In Your Words or Other's",
  address = "Komaba"
}

@article{Mandelbrot,
  author = "B.B. Mandelbrot",
  year = "1989",
  title = "Fractal geometry: what is it, and what does it do?"
}

@article{Nadia,
  author = "Nadia M. G. Al-Saidi and Mohamad Rushdan Md. and Said Arkan J. Mohammed",
  title = "Finite and Infinite Field Cryptography Analysis and Applications",
  year = "2012",
  address = "Dubai"
}

@techreport{Howell,
  author = "Brandi, Howell and Anna, Reese and Michael, Basile",
  title = "Fractal Cryptology",
  institution = "New Mexico High School",
  address = "New Mexico",
  year = "2003"
}

@article{Makris,
  author = "George, Makris and Ioannis, Antoniou",
  title = "Cryptography with Chaos",
  year = "2012",
  address = "Greece",
  journal = ""
}

@article{Ljupco,
  author = "Ljupco, Kocarev",
  title = "Chaos-Bases Cryptography: A Brief Overview",
  year = "2001",
  journal = ""
}

@article{Nadia2,
  author = "Nadia, M.G. Al-Saidi and Muhammad Rushdan, Md. Said",
  title = "A New Approach in Cryptographic Systems Using Fractal Image Coding",
  year = "2009",
  address = "Malaysia",
  journal = ""
}

@article{Yuen,
  author = "Yuen, Ching-Hung and Wong, Kwok-Wo",
  title = "Chaos-based encryption for fractal image coding",
  address = "Hong Kong, China",
  year = "2011",
  journal = ""
}

@article{Huang,
  author = "Huang Feng and Feng Yong",
  title = "Security analysis of image encryption based on two-dimensional chaotic maps and improved algorithm",
  year = "2007",
  address = "Hong Kong, China",
  journal = "Journal of Harbin Institute of Technology"
}

@article{Jiri,
  author = "Jiri Fridrich",
  title = "Symmetric Ciphers Based On Two-Dimensional Chaotic Maps",
  year = "1997",
  address = "New York",
  journal = "International Journal of Bifurcation and Chaos"
}

@article{Kuperin,
  author = "Kuperin Yu. A. and Pyatkin D.A.",
  title = "Two-Dimensional Chaos: The Baker Map Under Control",
  year = "2003",
  address = "Rusia",
  journal = ""
}

@article{Kwok,
  author = "Kwok H.S and Tang K.S Wallace",
  title = "A fast image encryption system based on chaotic maps with finite precision representation",
  year = "2005",
  journal = "Chaos, Solitons and Fractals",
  address = "Hong Kong, China"
}

@article{Pichler,
  author = "Pichler Franz and Scharinger Josef",
  title = "Finite Dimensional Generalized Baker Dynamical Systems for Cryptographic Applications",
  year = "",
  address = "Austria",
  journal = ""
}

@misc{Gutierrez,
  title = "Introducci\'on al mundo fractal",
  author = "Pablo, Gutierrez and Ewaldo, Hott",
  year = "2004"
}
  
